@article{Jones2009TheNK,
  title={The New Kaldor Facts: Ideas, Institutions, Population, and Human Capital},
  author={C. Jones and P. Romer},
  journal={NBER Working Paper Series},
  year={2009}
}